<?xml version="1.0" encoding="UTF-8"?><collection xmlns="http://www.loc.gov/MARC21/slim"><record><leader>00537nam--2200193-u-4500</leader><controlfield tag="001">000052204</controlfield><controlfield tag="002">20161230</controlfield><controlfield tag="005">20161230201050</controlfield><controlfield tag="008">100521s1000------------r-----000-0-eng-d</controlfield><datafield ind1=" " ind2=" " tag="040"><subfield code="a">IFIN-HH</subfield></datafield><datafield ind1=" " ind2=" " tag="080"><subfield code="a">519</subfield></datafield><datafield ind1="1" ind2=" " tag="100"><subfield code="a">Pfeiffer, Paul E</subfield></datafield><datafield ind1="1" ind2="0" tag="245"><subfield code="a">Concepts of Probability Theory</subfield><subfield code="c">Paul E. Pfeiffer</subfield></datafield><datafield ind1=" " ind2=" " tag="260"><subfield code="a">New York</subfield><subfield code="b">McGRAW-HILL BOOK COMPANY</subfield><subfield code="c">1965</subfield></datafield><datafield ind1=" " ind2=" " tag="300"><subfield code="a">399 p</subfield></datafield><datafield ind1=" " ind2=" " tag="490"><subfield code="a">McGRAW-HILL Series in Probability and Statistics</subfield></datafield><datafield ind1=" " ind2="4" tag="650"><subfield code="a">Probability theory</subfield></datafield><datafield ind1=" " ind2=" " tag="852"><subfield code="a">22409</subfield><subfield code="c">519.2</subfield></datafield><datafield ind1=" " ind2=" " tag="CAT"><subfield code="a">Sys</subfield><subfield code="c">20100521</subfield><subfield code="h">082358</subfield></datafield></record></collection>